% This file was created with JabRef 2.9.2.
% Encoding: UTF-8

@MISC{Militaer-Zeit,
  title = {US-Militär lässt an deutschen Unis forschen},
  month = {11},
  year = {2013},
  comment = {Aktueller Bericht über finanzierung von deutschen Universitäten durch
	das US-Militär. Inkl. Uni Bremen},
  day = {25},
  timestamp = {2013.11.27},
  url = {http://www.zeit.de/politik/ausland/2013-11/us-verteiditungsministerium-militaer-forschung-foerderung-deutsche-hochschulen}
}

