
% Encoding: UTF-8

@BOOK{WisArb,
  title = {Wissenschaftlich Arbeiten von Abbildung bis Zitat: Lehr- und Ãœbungsbuch
	fÃ¼r Bachelor, Master und Promotion},
  publisher = {Oldenbourg Verlag},
  year = {2012},
  author = {Sandberg},
  owner = {DAJ},
  timestamp = {2013.12.16}
}

@BOOK{albrecht2009wissenschaft,
  title = {Wissenschaft - Verantwortung - Frieden: 50 Jahre VDW},
  publisher = {Berliner Wissenschafts-Verlag},
  year = {2009},
  author = {Albrecht, S.},
  isbn = {9783830517047},
  url = {http://books.google.de/books?id=G8wvAQAAIAAJ}
}

@ARTICLE{ohbtaz,
  author = {Jean-Philipp Baeck},
  title = {Uni Bremen gegen Rüstungsforschung
	
	Zivilklausel bleibt - OHB kommt},
  journal = {taz},
  year = {2012},
  quality = {1},
  timestamp = {2013.12.02},
  url = {http://www.taz.de/!86420/}
}

@BOOK{Huber,
  title = {Staat und Wissenschaft},
  publisher = {Schöningh},
  year = {2008},
  author = {Peter M. Huber},
  series = {Schönburger Gespräche zu Recht und Staat ; 9},
  address = {Paderborn [u.a.]},
  note = {102 S.},
  isbn = {9783506765512},
  keywords = {Deutschland; Staat; Hochschule; Wissenschaftspolitik; Deutschland;
	Staat; Hochschule; Wissenschaftspolitik; },
  url = {http://katalog.suub.uni-bremen.de/DB=1/LNG=DU/CMD?ACT=SRCHA&amp;IKT=8000&amp;TRM=89649112*}
}

@BOOK{JonasHans,
  title = {Das Prinzip Verantwortung : Versuch einer Ethik für die technologische
	Zivilisation},
  year = {2012},
  author = {Hans Jonas},
  quality = {1},
  timestamp = {2013.11.27}
}

@ARTICLE{JKrause,
  author = {Joachim Krause},
  title = {Verklausulierter Frieden},
  journal = {Frankfurter Allgemeine Zeitung},
  year = {2013},
  volume = {177},
  pages = {7},
  quality = {1},
  timestamp = {2013.11.28}
}

@MISC{neuneck,
  author = {Götz Neuneck},
  title = {Das Gewissen der Wissenschaft für die Abschaffung der Nuklearwaffen
	
	Nachruf auf Sir Joseph Rotblat (1908-2005)},
  year = {2005},
  quality = {1},
  timestamp = {2013.11.27},
  url = {http://www.wissenschaft-und-frieden.de/seite.php?artikelID=0408}
}

@MISC{gg,
  author = {{Parlamentarischer Rat}},
  title = {Grundgesetz für die Bundesrepublik Deutschland},
  howpublished = {Textausgabe der Bundeszentrale für politische Bildung},
  year = {1949},
  note = {Stand: August 2006},
  address = {Bonn}
}

@MISC{RotblatJ.,
  author = {Professor Joseph Rotblat},
  comment = {Rede zur Verleihung des Friedensnobelpreises.},
  quality = {1},
  timestamp = {2013.11.27},
  url = {http://www.pugwash.org/award/Rotblatnobel.htm}
}

@BOOK{AltmNatu2007,
  title = {Naturwissenschaft - Rüstung - Frieden: Basiswissen für die Friedensforschung},
  publisher = {VS Verlag für Sozialwissenschaften | GWV Fachverlage GmbH, Wiesbaden},
  year = {2007},
  author = {Ute Bernhardt and Kathryn Nixdorff and Ingo Ruhmann and Dieter Wöhrle},
  address = {Wiesbaden},
  note = {Online-Ressource : v.: digital},
  isbn = {9783531906164},
  keywords = {Friedensforschung; Naturwissenschaften; },
  url = {http://dx.doi.org/10.1007/978-3-531-90616-4}
}

@BOOK{RechFrei,
  title = {Rechtliche Rahmenbedingungen für Wissenschaft und Forschung : Forschungsfreiheit
	und staatliche Regulierung Bd. 1: Freiheit von Wissenschaft und Forschung},
  publisher = {Nomos-Verl.-Ges.},
  year = {2000},
  author = {Hellmut Wagner},
  edition = {1. Aufl},
  isbn = {3789065420},
  url = {http://katalog.suub.uni-bremen.de/DB=1/LNG=DU/CMD?ACT=SRCHA&amp;IKT=8000&amp;TRM=39407076*}
}

@ELECTRONIC{01,
  title = {http://www.hochschulwatch.de},
  timestamp = {2013.12.16}
}

@ELECTRONIC{02,
  title = {http://www.linksfraktion.de/themen/drittmittelfoerderung-hochschulen/},
  timestamp = {2013.12.16}
}

@ELECTRONIC{03,
  title = {http://www.kisswin.de/kisswin/infothek/infothek-einzelansicht/datum/2011/10/10/drittmittel-fuer-projektfoerderung.html},
  timestamp = {2013.12.16}
}

@ELECTRONIC{04,
  title = {http://www.zm-online.de/home/meinung/Nachholbedarf-in-der-Drittmittelfoerderung_142422.html},
  timestamp = {2013.12.16}
}

@ELECTRONIC{05,
  title = {http://www.mi.fu-berlin.de/wiki/pub/AgMathLife/SoftSkillsWS13/DFG_Drittmittelfoerderung.pdf},
  timestamp = {2013.12.16}
}

@ELECTRONIC{06,
  title = {http://www.dfg.de/},
  timestamp = {2013.12.16}
}

@MISC{ZivKlausel,
  quality = {1},
  timestamp = {2013.11.28},
  url = {http://www.zivilklausel.de/index.php/fragen-und-antworten}
}

@MISC{Militaer-Zeit,
  title = {US-Militär lässt an deutschen Unis forschen},
  month = {11},
  year = {2013},
  comment = {Aktueller Bericht über finanzierung von deutschen Universitäten durch
	das US-Militär. Inkl. Uni Bremen},
  day = {25},
  timestamp = {2013.11.27},
  url = {http://www.zeit.de/politik/ausland/2013-11/us-verteiditungsministerium-militaer-forschung-foerderung-deutsche-hochschulen}
}

